@article{Faloutsos:1999:PRI:316194.316229,
        acmid = {316229},
        address = {New York, NY, USA},
        author = {Faloutsos, Michalis and Faloutsos, Petros and Faloutsos, Christos},
        doi = {10.1145/316194.316229},
        issn = {0146-4833},
        issue_date = {Oct. 1999},
        journal = {SIGCOMM Comput. Commun. Rev.},
        localfile = {pdf/p251-faloutsos.pdf},
        month = aug,
        number = {4},
        numpages = {12},
        pages = {251â€“262},
        publisher = {ACM},
        title = {{On power-law relationships of the Internet topology}},
        url = {http://doi.acm.org/10.1145/316194.316229},
        volume = {29},
        x-color = {#0033ff},
        year = {1999}
}

@article{Gao:2001:IAS:504611.504616,
 author = {Gao, Lixin},
 title = {On inferring autonomous system relationships in the internet},
 journal = {IEEE/ACM Trans. Netw.},
 volume = {9},
 issue = {6},
 month = {December},
 year = {2001},
 issn = {1063-6692},
 pages = {733--745},
 numpages = {13},
 url = {http://dx.doi.org/10.1109/90.974527},
 doi = {http://dx.doi.org/10.1109/90.974527},
 acmid = {504616},
 publisher = {IEEE Press},
 address = {Piscataway, NJ, USA},
 keywords = {Border Gateway Protocol (BGP), Internet, protocols, routing},
}

@article{Zhang:2005:CIA:1052812.1052825,
 author = {Zhang, Beichuan and Liu, Raymond and Massey, Daniel and Zhang, Lixia},
 title = {Collecting the internet AS-level topology},
 journal = {SIGCOMM Comput. Commun. Rev.},
 volume = {35},
 issue = {1},
 month = {January},
 year = {2005},
 issn = {0146-4833},
 pages = {53--61},
 numpages = {9},
 url = {http://doi.acm.org/10.1145/1052812.1052825},
 doi = {http://doi.acm.org/10.1145/1052812.1052825},
 acmid = {1052825},
 publisher = {ACM},
 address = {New York, NY, USA},
}

@article{Dimitropoulos:2007:RIV:1198255.1198259,
 author = {Dimitropoulos, Xenofontas and Krioukov, Dmitri and Fomenkov, Marina and Huffaker, Bradley and Hyun, Young and claffy, kc and Riley, George},
 title = {AS relationships: inference and validation},
 journal = {SIGCOMM Comput. Commun. Rev.},
 issue_date = {January 2007},
 volume = {37},
 issue = {1},
 month = {January},
 year = {2007},
 issn = {0146-4833},
 pages = {29--40},
 numpages = {12},
 url = {http://doi.acm.org/10.1145/1198255.1198259},
 doi = {http://doi.acm.org/10.1145/1198255.1198259},
 acmid = {1198259},
 publisher = {ACM},
 address = {New York, NY, USA},
 keywords = {as relationships, inference, routing policies},
}

@article{Di_Battista:2007:CTR:1279660.1279662,
 author = {Di Battista, Giuseppe and Erlebach, Thomas and Hall, Alexander and Patrignani, Maurizio and Pizzonia, Maurizio and Schank, Thomas},
 title = {Computing the types of the relationships between autonomous systems},
 journal = {IEEE/ACM Trans. Netw.},
 volume = {15},
 issue = {2},
 month = {April},
 year = {2007},
 issn = {1063-6692},
 pages = {267--280},
 numpages = {14},
 url = {http://dx.doi.org/10.1109/TNET.2007.892878},
 doi = {http://dx.doi.org/10.1109/TNET.2007.892878},
 acmid = {1279662},
 publisher = {IEEE Press},
 address = {Piscataway, NJ, USA},
 keywords = {algorithms, internet, routing},
}

@techreport{Subramanian:2001:CIH:894120,
 author = {Subramanian, Lakshminarayanan and Agarwal, Sharad and Rexford, Jennifer and Katz, Randy H.},
 title = {Characterizing the Internet Hierarchy from Multiple Vantage Points},
 year = {2001},
 source = {http://www.ncstrl.org:8900/ncstrl/servlet/search?formname=detail\&id=oai%3Ancstrlh%3Aucb%3AUCB%2F%2FCSD-01-1151},
 publisher = {University of California at Berkeley},
 address = {Berkeley, CA, USA},
}
